%
%  An example of a bibliographical database for bibTeX
%
%  Recommended software for maintenance of *.bib files:
%    JabRef, http://jabref.sourceforge.net/
%
%  BEWARE:
%
%    *  If a name contains a capital letter, which must be kept such,
%       use curly brackets ({T}hailand, {HIV}).
%
%  ===========================================================================


@manual{choco,
  author        = {Charles Prud'homme and Jean-Guillaume Fages and Xavier Lorca},
  title         = {Choco Documentation},
  year          = {2017},
  organization  = {TASC - LS2N CNRS UMR 6241, COSLING S.A.S.},
  timestamp     = {Thu, 23 November 2017},
  url           = {http://www.choco-solver.org},
  note = {Accessed 2019-06-20},
}

@inproceedings{isola2018,
  title     = {Dynamic Security Specification Through Autonomic Component Ensembles},
  author    = {
      Rima Al Ali and
      Tomáš Bureš and
      Petr Hnětynka and
      Filip Krijt and
      František Plášil and
      Jiří Vinárek
    },
  booktitle = {
      Leveraging Applications of Formal Methods, Verification and Validation.
      Distributed Systems - 8th International Symposium, ISoLA 2018, Limassol, Cyprus,
      November 5-9, 2018, Proceedings, Part {III}
    },
  pages     = {172--185},
  year      = {2018},
  url       = {https://doi.org/10.1007/978-3-030-03424-5\_12},
  doi       = {10.1007/978-3-030-03424-5_12},
  timestamp = {Tue, 14 May 2019 10:00:41 +0200},
}

@inproceedings{dynamic2017,
  title     = {
      Automated Dynamic Formation of Component Ensembles -
      Taking Advantage of Component Cooperation Locality},
  author    = {
      Filip Krijt and Zbynek Jiráček
      and Tomáš Bureš and Petr Hnětynka and František Plášil
    },
  booktitle = {
      Proceedings of the 5th International Conference on Model-Driven Engineering
      and Software Development, {MODELSWARD} 2017, Porto, Portugal, February 19-21, 2017.
    },
  pages     = {561--568},
  year      = {2017},
  url       = {https://doi.org/10.5220/0006273705610568},
  doi       = {10.5220/0006273705610568},
  timestamp = {Thu, 18 May 2017 13:19:21 +0200},
}

@inproceedings{SCEL2014,
  title={A formal approach to autonomic systems programming: the SCEL language},
  author={Rocco De Nicola},
  booktitle={ICTCS},
  year={2014}
}

@article{DEECo2016,
  title = {{Software Abstractions for Component Interaction in the Internet of Things}},
  author = {Bures, T. and Plasil, F. and Kit, M. and Tuma, P. and Hoch, N.},
  year = {2016},
  journal = {{Computer}},
  number = {12},
  doi = {10.1109/MC.2016.377},
  issn = {0018-9162},
  pages = {50--59},
  volume = {49},
}

@article{IBM2003,
  author = {Kephart, Jeffrey O. and Chess, David M.},
  title = {The Vision of Autonomic Computing},
  journal = {Computer},
  issue_date = {January 2003},
  volume = {36},
  number = {1},
  month = jan,
  year = {2003},
  issn = {0018-9162},
  pages = {41--50},
  numpages = {10},
  url = {http://dx.doi.org/10.1109/MC.2003.1160055},
  doi = {10.1109/MC.2003.1160055},
  acmid = {642200},
  publisher = {IEEE Computer Society Press},
  address = {Los Alamitos, CA, USA},
}

@inproceedings{HELENA2014,
  publisher = {Springer},
  booktitle = {Specification, Algebra, and Software},
  url = {http://pmi.pst.ifi.lmu.de/text_files/0000/0012/sas14_final.pdf},
  year = {2014},
  series = {Lecture Notes in Computer Science},
  author = {Rolf Hennicker and Annabelle Klarl},
  volume = {8373},
  title = {Foundations for Ensemble Modeling - The HELENA Approach},
  pages = {359-381}
}

@phdthesis{HELENA2016,
  title={HELENA - Handling massively distributed systems with ELaborate ENsemble Architectures},
  author={Klarl, Annabelle},
  year={2016},
  school={lmu}
}

@article{SCEL2013,
  author = {De Nicola, Rocco and Ferrari, Gian and Loreti, Michele and Pugliese, Rosario},
  year = {2013},
  month = {01},
  pages = {},
  title = {A Language-Based Approach to Autonomic Computing},
  doi = {10.1007/978-3-642-35887-6_2}
}

@inproceedings{SOA,
  author={M. H. {Valipour} and B. {Amirzafari} and K. N. {Maleki} and N. {Daneshpour}},
  booktitle={2009 2nd IEEE International Conference on Computer Science and Information Technology},
  title={A brief survey of software architecture concepts and service oriented architecture},
  year={2009},
  volume={},
  number={},
  pages={34-38},
  keywords={software architecture;software architecture concepts;service oriented architecture;software system design;software system construction;architecture-based approaches;Software architecture;Service oriented architecture;Computer architecture;Algorithm design and analysis;Software systems;Stability;Programming;Control systems;Web services;History;Software Architecture;Service-Oriented Architecture;Web Services},
  doi={10.1109/ICCSIT.2009.5235004},
  ISSN={},
  month={Aug},
}

@inproceedings{drbac2004,
  title={Context-aware dynamic access control for pervasive applications},
  author={Zhang, Guangsen and Parashar, Manish},
  booktitle={Proceedings of the Communication Networks and Distributed Systems Modeling and Simulation Conference},
  pages={21--30},
  year={2004}
}

@inproceedings{rbac1995,
  title={Role-based access control ({RBAC}): Features and motivations},
  author={Ferraiolo, David and Cugini, Janet and Kuhn, D Richard},
  booktitle={Proceedings of 11th annual computer security application conference},
  pages={241--48},
  year={1995}
}

@article{contextrbac2004,
  title={An integrated approach to engineer and enforce context constraints in RBAC environments},
  author={Strembeck, Mark and Neumann, Gustaf},
  journal={ACM Transactions on Information and System Security (TISSEC)},
  volume={7},
  number={3},
  pages={392--427},
  year={2004},
  publisher={ACM}
}

@inproceedings{orbac2003,
  title={Organization based access control},
  author={Kalam, Anas Abou El and Baida, R EI and Balbiani, Philippe and Benferhat, Salem and Cuppens, Frédéric and Deswarte, Yves and Miege, Alexandre and Saurel, Claire and Trouessin, Gilles},
  booktitle={Proceedings POLICY 2003. IEEE 4th International Workshop on Policies for Distributed Systems and Networks},
  pages={120--131},
  year={2003},
  organization={IEEE}
}

@article{contextkumar2002,
  title={Context sensitivity in role-based access control},
  author={Kumar, Arun and Karnik, Neeran and Chafle, Girish},
  journal={ACM SIGOPS Operating Systems Review},
  volume={36},
  number={3},
  pages={53--66},
  year={2002},
  publisher={ACM}
}

@inproceedings{contextkulkarni2008,
  title={Context-aware role-based access control in pervasive computing systems},
  author={Kulkarni, Devdatta and Tripathi, Anand},
  booktitle={Proceedings of the 13th ACM symposium on Access control models and technologies},
  pages={113--122},
  year={2008},
  organization={ACM}
}

@article{abac2014,
  title={Guide to Attribute Based Access Control (ABAC) Definition and Considerations},
  author={Hu, Vincent C and Ferraiolo, David and Kuhn, Rick and Schnitzer, Adam and Sandlin, Kenneth and Miller, Robert and Scarfone, Karen},
  journal={NIST Special Publication},
  volume={800},
  pages={162},
  year={2014},
  url={https://nvlpubs.nist.gov/nistpubs/specialpublications/NIST.SP.800-162.pdf},
  note = {Accessed 2019-06-20},
}

@techreport{xacml2013,
  title = {{eXtensible} {Access} {Control} {Markup} {Language} ({XACML}) {Version} 3.0},
  url = {http://docs.oasisopen.org/xacml/3.0/xacml-3.0-core-spec-en.pdf},
  author = {OASIS},
  year = {2013},
  note = {Accessed 2019-06-20},

}

@techreport{alfa,
  author = {OASIS},
  title = {Abbreviated Language for Authorization Version 1.0},
  year = {2015},
  url = {https://www.oasis-open.org/committees/download.php/55228/alfa-for-xacml-v1.0-wd01.doc},
  note = {Accessed 2019-06-20},
}

% @article{survey2015,
  title={Context aware middleware architectures: survey and challenges},
  author={Li, Xin and Eckert, Martina and Martinez, Jose-Fernan and Rubio, Gregorio},
  journal={Sensors},
  volume={15},
  number={8},
  pages={20570--20607},
  year={2015},
  publisher={Multidisciplinary Digital Publishing Institute}
}

@inproceedings{adaptivesec-bashar2012,
  title={Requirements-driven adaptive security: Protecting variable assets at runtime},
  author={Salehie, Mazeiar and Pasquale, Liliana and Omoronyia, Inah and Ali, Raian and Nuseibeh, Bashar},
  booktitle={2012 20th IEEE International Requirements Engineering Conference (RE)},
  pages={111--120},
  year={2012},
  organization={IEEE}
}

@inproceedings{saleemi_framework_2011,
  series = {{LNCS}},
  title = {A {Framework} for {Context}-{Aware} {Applications} for {Smart} {Spaces}},
  volume = {6869},
  doi = {10.1007/978-3-642-22875-9_2},
  booktitle = {Proceedings of {NEW}2AN 2011 and {ruSMART} 2011, {St}. {Petersburg}, {Russia}},
  publisher = {Springer},
  author = {Saleemi, M. Mohsin and Rodríguez, Natalia Díaz and Lilius, Johan and Porres, Iván},
  month = aug,
  year = {2011},
  pages = {14--25},
}

@inproceedings{dynsmaug2017,
  title = {{dynSMAUG}: {A} dynamic security management framework driven by situations},
  doi = {10.1109/CSNET.2017.8241987},
  booktitle = {Proceedings of {CSNet} 2017, {Rio} de {Janeiro}, {Brazil}},
  publisher = {IEEE},
  author = {Laborde, R. and Oglaza, A. and Barrère, F. and Benzekri, A.},
  month = oct,
  year = {2017},
  pages = {1--8},
}

@online{esper,
  title = {Esper},
  author = {Espertech},
  url = {http://www.espertech.com/esper/},
  note = {Accessed 2019-06-20},
}

@online{scala,
  title = {The Scala Programming Language},
  author = {École Polytechnique Fédérale Lausanne},
  url = {https://www.scala-lang.org/},
  note = {Accessed 2019-06-23},
}

@techreport{tcoof2017,
  title = {{Trait-based Language for Smart Cyber-Physical Systems}},
  author = {Bureš, Tomáš and Gerostathopoulos, Ilias and Hnětynka, Petr and Plášil, František and Krijt, Filip and Vinárek, Jiří},
  year = {2017},
  institution = {Department of Distributed and Dependable Systems, Charles University},
  number = {D3S-TR-2017-01},
}

@manual{jmx,
  author        = {Oracle},
  title         = {Java Management Extensions (JMX)},
  year          = {2018},
  url           = {https://docs.oracle.com/javase/6/docs/technotes/guides/jmx/index.html},
  note = {Accessed 2019-07-10},
}

@online{pandas,
  title = {Python Data Analysis Library},
  author = {pandas},
  url = {https://pandas.pydata.org/},
  note = {Accessed 2019-07-15},
}

@online{scipy,
  title = {SciPy},
  author = {SciPy developers},
  url = {https://www.scipy.org/},
  note = {Accessed 2019-07-15},
}

@online{matplotlib,
  title = {Matplotlib},
  author = {Matplotlib development team},
  url = {https://matplotlib.org/},
  note = {Accessed 2019-07-15},
}